@article{lee,
  author  = {Lee, J.S. and Richardella, A. and Fraleigh, R.D. et al.},
  year    = {2018},
  pages   = {51},
  title   = {Engineering the breaking of time-reversal symmetry in gate-tunable hybrid ferromagnet/topological insulator heterostructures},
  volume  = {3},
  journal = {npj Quant Mater},
  doi     = {10.1038/s41535-018-0123-2}
}

@article{kariyado,
  author  = {Kariyado, T. and Hatsugai, Y.},
  year    = {2016},
  pages   = {18107},
  title   = {Manipulation of Dirac Cones in Mechanical Graphene},
  volume  = {5},
  journal = {Sci Rep},
  doi     = {10.1038/srep18107}
}

@article{wang,
  author  = {Wang, Yao-Ting and Luan, Pi-Gang and Zhang, Shuang},
  year    = {2015},
  month   = {07},
  pages   = {073031},
  title   = {Coriolis force induced topological order for classical mechanical vibrations},
  volume  = {17},
  journal = {New Journal of Physics},
  doi     = {10.1088/1367-2630/17/7/073031}
}
